<record><leader>00000cas a22000007a 4500</leader><controlfield tag="001">10766153</controlfield><controlfield tag="008">840523d18221826njuwr ne      0    0eng  </controlfield><datafield ind1=" " ind2=" " tag="010"><subfield code="a">sn 84020408 </subfield></datafield><datafield ind1=" " ind2=" " tag="040"><subfield code="a">DLC</subfield><subfield code="b">eng</subfield><subfield code="c">DLC</subfield><subfield code="d">OCL</subfield><subfield code="d">NPX</subfield><subfield code="d">NPA</subfield><subfield code="d">NJW</subfield><subfield code="d">DLC</subfield><subfield code="d">OCLCQ</subfield><subfield code="d">DLC</subfield><subfield code="d">OCLCQ</subfield></datafield><datafield ind1=" " ind2=" " tag="019"><subfield code="a">10766303</subfield></datafield><datafield ind1=" " ind2=" " tag="042"><subfield code="a">msc</subfield></datafield><datafield ind1="0" ind2="0" tag="050"><subfield code="a">Newspaper</subfield></datafield><datafield ind1="0" ind2="4" tag="245"><subfield code="a">The Bridgeton observer, and Cumberland, Cape-May &amp; Salem advertiser.</subfield></datafield><datafield ind1="3" ind2="0" tag="246"><subfield code="a">Bridgeton observer, and Cumberland, Cape May and Salem advertiser</subfield></datafield><datafield ind1=" " ind2=" " tag="260"><subfield code="a">Bridgeton, N.J. :</subfield><subfield code="b">S. Siegfried.</subfield></datafield><datafield ind1=" " ind2=" " tag="300"><subfield code="a">v. ;</subfield><subfield code="c">53 cm.</subfield></datafield><datafield ind1=" " ind2=" " tag="310"><subfield code="a">Weekly</subfield></datafield><datafield ind1="1" ind2=" " tag="362"><subfield code="a">Began with Oct. 5, 1822 issue; ceased with June 17, 1826 issue.</subfield></datafield><datafield ind1=" " ind2=" " tag="515"><subfield code="a">With the issue for Jan. 1, 1825, numbering begins with: New ser., v. 1, no. 1.</subfield></datafield><datafield ind1=" " ind2=" " tag="588"><subfield code="a">Description based on: Vol. 1, no. 37 (June 14, 1823).</subfield></datafield><datafield ind1=" " ind2=" " tag="752"><subfield code="a">United States</subfield><subfield code="b">New Jersey</subfield><subfield code="c">Cumberland</subfield><subfield code="d">Bridgeton.</subfield></datafield><datafield ind1="0" ind2="7" tag="785"><subfield code="t">Washington Whig (Bridgeton, N.J. : 1815)</subfield><subfield code="w">(DLC)sn 83025468</subfield><subfield code="w">(OCoLC)9528580</subfield></datafield><datafield ind1="0" ind2="7" tag="785"><subfield code="t">Washington Whig &amp; Bridgeton observer, and Cumberland, Cape-May &amp; Salem advertiser</subfield><subfield code="w">(DLC)sn 84020412</subfield><subfield code="w">(OCoLC)10766485</subfield></datafield><datafield ind1="1" ind2=" " tag="029"><subfield code="a">AU@</subfield><subfield code="b">000026221766</subfield></datafield></record>